@article{Hogg2020,
  author        = {{Hogg}, David W. and {Price-Whelan}, Adrian M. and {Leistedt}, Boris},
  title         = {{Data Analysis Recipes: Products of multivariate Gaussians in Bayesian inferences}},
  journal       = {arXiv e-prints},
  keywords      = {Statistics - Computation, Astrophysics - Instrumentation and Methods for Astrophysics, Physics - Data Analysis, Statistics and Probability},
  year          = 2020,
  month         = may,
  eid           = {arXiv:2005.14199},
  pages         = {arXiv:2005.14199},
  archiveprefix = {arXiv},
  eprint        = {2005.14199},
  primaryclass  = {stat.CO},
  adsurl        = {https://ui.adsabs.harvard.edu/abs/2020arXiv200514199H},
  adsnote       = {Provided by the SAO/NASA Astrophysics Data System}
}

@article{Luger2019,
  author        = {{Luger}, Rodrigo and {Agol}, Eric and {Foreman-Mackey}, Daniel and {Fleming}, David P. and {Lustig-Yaeger}, Jacob and {Deitrick}, Russell},
  title         = {{starry: Analytic Occultation Light Curves}},
  journal       = {\aj},
  keywords      = {eclipses, methods: analytical, occultations, techniques: photometric, Astrophysics - Instrumentation and Methods for Astrophysics, Astrophysics - Earth and Planetary Astrophysics, Astrophysics - Solar and Stellar Astrophysics},
  year          = 2019,
  month         = feb,
  volume        = {157},
  number        = {2},
  eid           = {64},
  pages         = {64},
  doi           = {10.3847/1538-3881/aae8e5},
  archiveprefix = {arXiv},
  eprint        = {1810.06559},
  primaryclass  = {astro-ph.IM},
  adsurl        = {https://ui.adsabs.harvard.edu/abs/2019AJ....157...64L},
  adsnote       = {Provided by the SAO/NASA Astrophysics Data System}
}

@article{Luger2021,
  author        = { {Luger}, Rodrigo and {Bedell}, Megan and {Foreman-Mackey}, Daniel and {Crossfield}, Ian J.~M. and {Zhao}, Lily L. and {Hogg}, David W.},
  title         = {{Mapping stellar surfaces III: An Efficient, Scalable, and Open-Source Doppler Imaging Model}},
  journal       = {arXiv e-prints},
  keywords      = {Astrophysics - Solar and Stellar Astrophysics, Astrophysics - Earth and Planetary Astrophysics, Astrophysics - Instrumentation and Methods for Astrophysics},
  year          = 2021,
  month         = oct,
  eid           = {arXiv:2110.06271},
  pages         = {arXiv:2110.06271},
  archiveprefix = {arXiv},
  eprint        = {2110.06271},
  primaryclass  = {astro-ph.SR},
  adsurl        = {https://ui.adsabs.harvard.edu/abs/2021arXiv211006271L},
  adsnote       = {Provided by the SAO/NASA Astrophysics Data System}
}

@article{Luger2021b,
  author        = {{Luger}, Rodrigo and {Foreman-Mackey}, Daniel and {Hedges}, Christina},
  title         = {{Mapping Stellar Surfaces. II. An Interpretable Gaussian Process Model for Light Curves}},
  journal       = {\aj},
  keywords      = {Analytical mathematics, Time series analysis, Gaussian Processes regression, Starspots, 38, 1916, 1930, 1572, Astrophysics - Solar and Stellar Astrophysics, Astrophysics - Earth and Planetary Astrophysics, Astrophysics - Instrumentation and Methods for Astrophysics},
  year          = 2021,
  month         = sep,
  volume        = {162},
  number        = {3},
  eid           = {124},
  pages         = {124},
  doi           = {10.3847/1538-3881/abfdb9},
  archiveprefix = {arXiv},
  eprint        = {2102.01697},
  primaryclass  = {astro-ph.SR},
  adsurl        = {https://ui.adsabs.harvard.edu/abs/2021AJ....162..124L},
  adsnote       = {Provided by the SAO/NASA Astrophysics Data System}
}

